@BOOK{harpe,
  key       = "H00",
  author    = "P. de la Harpe",
  title     = "Topics in geometric group theory",
  series    = "Chicago Lectures in Mathematics",
  publisher = "{The University of Chicago Press}",
  year      = 2000,
}

@unpublished{bartholdi-k-n-v:bounded,
author =       {Bartholdi, L. and Kaimanovich, Vadim and Nekrashevych, V. and Vir{\'a}g, B{\'a}lint},
title = {Amenability of automata groups},
note = {(preprint)},
year = 2005,
}

@article {sidki:circuit,
    AUTHOR = {Sidki, Said},
     TITLE = {Automorphisms of one-rooted trees: growth, circuit structure,
              and acyclicity},
   JOURNAL = {J. Math. Sci. (New York)},
  FJOURNAL = {Journal of Mathematical Sciences (New York)},
    VOLUME = {100},
      YEAR = {2000},
    NUMBER = {1},
     PAGES = {1925--1943},
      ISSN = {1072-3374},
     CODEN = {JMTSEW},
   MRCLASS = {05C25 (05C45 68Q45)},
  MRNUMBER = {MR1774362 (2002g:05100)},
}


@article {gns00:automata,
AUTHOR = {Grigorchuk, R. I. and Nekrashevich, V. V. and
              Sushchanski{\u\i}, V. I.},
     TITLE = {Automata, dynamical systems, and groups},
   JOURNAL = {Tr. Mat. Inst. Steklova},
  FJOURNAL = {Trudy Matematicheskogo Instituta Imeni V. A. Steklova.
              Rossi\u\i skaya Akademiya Nauk},
    VOLUME = {231},
      YEAR = {2000},
    NUMBER = {Din. Sist., Avtom. i Beskon. Gruppy},
     PAGES = {134--214},
      ISSN = {0371-9685},
   MRCLASS = {37B15 (20F10 68Q45 68Q70)},
  MRNUMBER = {MR1841755 (2002m:37016)},
}
