@BOOK{harpe,
  key       = "H00",
  author    = "P. de la Harpe",
  title     = "Topics in geometric group theory",
  series    = "Chicago Lectures in Mathematics",
  publisher = "{The University of Chicago Press}",
  year      = 2000,
}
